<record><leader>00000cas a22000007a 4500</leader><controlfield tag="001">19410081</controlfield><controlfield tag="008">890321d19251970moudn ne      0    0eng d</controlfield><datafield ind1=" " ind2=" " tag="010"><subfield code="a">sn 89066010 </subfield></datafield><datafield ind1=" " ind2=" " tag="040"><subfield code="a">MQN</subfield><subfield code="b">eng</subfield><subfield code="c">MQN</subfield><subfield code="d">NSD</subfield><subfield code="d">OCLCQ</subfield></datafield><datafield ind1=" " ind2=" " tag="042"><subfield code="a">msc</subfield></datafield><datafield ind1="0" ind2="0" tag="245"><subfield code="a">Moberly monitor-index and Moberly evening democrat.</subfield></datafield><datafield ind1=" " ind2=" " tag="260"><subfield code="a">Moberly, Mo. :</subfield><subfield code="b">Moberly Index Print. Co.,</subfield><subfield code="c">1925-1970.</subfield></datafield><datafield ind1=" " ind2=" " tag="300"><subfield code="a">v.</subfield></datafield><datafield ind1=" " ind2=" " tag="310"><subfield code="a">Daily (except Sun. &amp; holidays)</subfield></datafield><datafield ind1="0" ind2=" " tag="362"><subfield code="a">Vol. 6, no. 230 (Apr. 1, 1925)-v. 51, no. 186 (Feb. 9, 1970).</subfield></datafield><datafield ind1=" " ind2=" " tag="515"><subfield code="a">Continues numbering of: Moberly monitor-index.</subfield></datafield><datafield ind1=" " ind2=" " tag="580"><subfield code="a">Also issued in weekly ed.: Moberly weekly monitor (Moberly, Mo. : 1917), Apr. 1, 1925-May 19, 1932.</subfield></datafield><datafield ind1=" " ind2=" " tag="752"><subfield code="a">United States</subfield><subfield code="b">Missouri</subfield><subfield code="c">Randolph</subfield><subfield code="d">Moberly.</subfield></datafield><datafield ind1="1" ind2=" " tag="775"><subfield code="t">Moberly weekly monitor (Moberly, Mo. : 1917)</subfield><subfield code="w">(DLC)sn 89066048</subfield></datafield><datafield ind1="0" ind2="4" tag="780"><subfield code="t">Moberly evening democrat</subfield><subfield code="w">(DLC)sn 89066005</subfield></datafield><datafield ind1="0" ind2="4" tag="780"><subfield code="t">Moberly monitor-index</subfield><subfield code="w">(DLC)sn 89066007</subfield></datafield><datafield ind1="0" ind2="0" tag="785"><subfield code="t">Moberly monitor-index and evening democrat</subfield><subfield code="x">1085-2794</subfield><subfield code="w">(DLC)sn 89066000</subfield></datafield></record>